%% This BibTeX bibliography file was created using BibDesk.
%% http://bibdesk.sourceforge.net/


%% Created for Jian Ren at 2016-11-15 10:05:42 -0500 


%% Saved with string encoding Unicode (UTF-8) 

@inproceedings{chopra2005learning,
  title={Learning a similarity metric discriminatively, with application to face verification},
  author={Chopra, Sumit and Hadsell, Raia and LeCun, Yann},
  booktitle={Computer Vision and Pattern Recognition, 2005. CVPR 2005. IEEE Computer Society Conference on},
  volume={1},
  pages={539--546},
  year={2005},
  organization={IEEE}
}

@article{tong2001support1,
  title={Support vector machine active learning with applications to text classification},
  author={Tong, Simon and Koller, Daphne},
  journal={Journal of machine learning research},
  volume={2},
  number={Nov},
  pages={45--66},
  year={2001}
}

@article{bronstad2007beauty,
  title={Beauty is in the we of the beholder: Greater agreement on facial attractiveness among close relations},
  author={Bronstad, P Matthew and Russell, Richard},
  journal={Perception},
  volume={36},
  number={11},
  pages={1674--1681},
  year={2007},
  publisher={SAGE Publications}
}

@book{kaplan1989experience,
  title={The experience of nature: A psychological perspective},
  author={Kaplan, Rachel and Kaplan, Stephen},
  year={1989},
  publisher={CUP Archive}
}

@inproceedings{yeh2010personalized,
  title={Personalized photograph ranking and selection system},
  author={Yeh, Che-Hua and Ho, Yuan-Chen and Barsky, Brian A and Ouhyoung, Ming},
  booktitle={Proceedings of the 18th ACM international conference on Multimedia},
  pages={211--220},
  year={2010},
  organization={ACM}
}


@article{yeh2014personalized,
  title={Personalized photograph ranking and selection system considering positive and negative user feedback},
  author={Yeh, Che-Hua and Barsky, Brian A and Ouhyoung, Ming},
  journal={ACM Transactions on Multimedia Computing, Communications, and Applications (TOMM)},
  volume={10},
  number={4},
  pages={36},
  year={2014},
  publisher={ACM}
}

@inproceedings{vessel2014personalized,
  title={Personalized visual aesthetics},
  author={Vessel, Edward A and Stahl, Jonathan and Maurer, Natalia and Denker, Alexander and Starr, GG},
  booktitle={IS\&T/SPIE Electronic Imaging},
  pages={90140S--90140S},
  year={2014},
  organization={International Society for Optics and Photonics}
}



@inproceedings{cheng2010learning,
	Author = {Cheng, Bin and Ni, Bingbing and Yan, Shuicheng and Tian, Qi},
	Booktitle = {Proceedings of the 18th ACM international conference on Multimedia},
	Organization = {ACM},
	Pages = {291--300},
	Title = {Learning to photograph},
	Year = {2010}}

@article{marchesotti2015discovering,
	Author = {Marchesotti, Luca and Murray, Naila and Perronnin, Florent},
	Journal = {International Journal of Computer Vision},
	Number = {3},
	Pages = {246--266},
	Publisher = {Springer},
	Title = {Discovering beautiful attributes for aesthetic image analysis},
	Volume = {113},
	Year = {2015}}

@inproceedings{lu2015deep,
	Author = {Lu, Xin and Lin, Zhe and Shen, Xiaohui and Mech, Radomir and Wang, James Z},
	Booktitle = {Proceedings of the IEEE International Conference on Computer Vision},
	Pages = {990--998},
	Title = {Deep multi-patch aggregation network for image style, aesthetics, and quality estimation},
	Year = {2015}}

@inproceedings{datta2006studying,
	Author = {Datta, Ritendra and Joshi, Dhiraj and Li, Jia and Wang, James Z},
	Booktitle = {European Conference on Computer Vision},
	Organization = {Springer},
	Pages = {288--301},
	Title = {Studying aesthetics in photographic images using a computational approach},
	Year = {2006}}

@inproceedings{luo2011content,
	Author = {Luo, Wei and Wang, Xiaogang and Tang, Xiaoou},
	Booktitle = {2011 International Conference on Computer Vision},
	Organization = {IEEE},
	Pages = {2206--2213},
	Title = {Content-based photo quality assessment},
	Year = {2011}}

@inproceedings{nishiyama2011aesthetic,
	Author = {Nishiyama, Masashi and Okabe, Takahiro and Sato, Imari and Sato, Yoichi},
	Booktitle = {Computer Vision and Pattern Recognition (CVPR), 2011 IEEE Conference on},
	Organization = {IEEE},
	Pages = {33--40},
	Title = {Aesthetic quality classification of photographs based on color harmony},
	Year = {2011}}

@inproceedings{bhattacharya2010framework,
	Author = {Bhattacharya, Subhabrata and Sukthankar, Rahul and Shah, Mubarak},
	Booktitle = {Proceedings of the 18th ACM international conference on Multimedia},
	Organization = {ACM},
	Pages = {271--280},
	Title = {A framework for photo-quality assessment and enhancement based on visual aesthetics},
	Year = {2010}}

@article{joshi2011aesthetics,
	Author = {Joshi, Dhiraj and Datta, Ritendra and Fedorovskaya, Elena and Luong, Quang-Tuan and Wang, James Z and Li, Jia and Luo, Jiebo},
	Journal = {IEEE Signal Processing Magazine},
	Number = {5},
	Pages = {94--115},
	Publisher = {IEEE},
	Title = {Aesthetics and emotions in images},
	Volume = {28},
	Year = {2011}}

@inproceedings{marchesotti2011assessing,
	Author = {Marchesotti, Luca and Perronnin, Florent and Larlus, Diane and Csurka, Gabriela},
	Booktitle = {2011 International Conference on Computer Vision},
	Organization = {IEEE},
	Pages = {1784--1791},
	Title = {Assessing the aesthetic quality of photographs using generic image descriptors},
	Year = {2011}}

@article{lowe2004distinctive,
	Author = {Lowe, David G},
	Journal = {International journal of computer vision},
	Number = {2},
	Pages = {91--110},
	Publisher = {Springer},
	Title = {Distinctive image features from scale-invariant keypoints},
	Volume = {60},
	Year = {2004}}

@inproceedings{perronnin2007fisher,
	Author = {Perronnin, Florent and Dance, Christopher},
	Booktitle = {2007 IEEE Conference on Computer Vision and Pattern Recognition},
	Organization = {IEEE},
	Pages = {1--8},
	Title = {Fisher kernels on visual vocabularies for image categorization},
	Year = {2007}}

@inproceedings{perronnin2010improving,
	Author = {Perronnin, Florent and S{\'a}nchez, Jorge and Mensink, Thomas},
	Booktitle = {European conference on computer vision},
	Organization = {Springer},
	Pages = {143--156},
	Title = {Improving the fisher kernel for large-scale image classification},
	Year = {2010}}

@inproceedings{su2011scenic,
	Author = {Su, Hsiao-Hang and Chen, Tse-Wei and Kao, Chieh-Chi and Hsu, Winston H and Chien, Shao-Yi},
	Booktitle = {Proceedings of the 19th ACM international conference on Multimedia},
	Organization = {ACM},
	Pages = {1213--1216},
	Title = {Scenic photo quality assessment with bag of aesthetics-preserving features},
	Year = {2011}}

@inproceedings{murray2012ava,
	Author = {Murray, Naila and Marchesotti, Luca and Perronnin, Florent},
	Booktitle = {Computer Vision and Pattern Recognition (CVPR), 2012 IEEE Conference on},
	Organization = {IEEE},
	Pages = {2408--2415},
	Title = {AVA: A large-scale database for aesthetic visual analysis},
	Year = {2012}}

@inproceedings{krizhevsky2012imagenet,
	Author = {Krizhevsky, Alex and Sutskever, Ilya and Hinton, Geoffrey E},
	Booktitle = {Advances in neural information processing systems},
	Pages = {1097--1105},
	Title = {Imagenet classification with deep convolutional neural networks},
	Year = {2012}}

@inproceedings{kang2014convolutional,
	Author = {Kang, Le and Ye, Peng and Li, Yi and Doermann, David},
	Booktitle = {Proceedings of the IEEE Conference on Computer Vision and Pattern Recognition},
	Pages = {1733--1740},
	Title = {Convolutional neural networks for no-reference image quality assessment},
	Year = {2014}}

@inproceedings{lu2014rapid,
	Author = {Lu, Xin and Lin, Zhe and Jin, Hailin and Yang, Jianchao and Wang, James Z},
	Booktitle = {Proceedings of the 22nd ACM international conference on Multimedia},
	Organization = {ACM},
	Pages = {457--466},
	Title = {RAPID: rating pictorial aesthetics using deep learning},
	Year = {2014}}

@inproceedings{mai2016composition,
	Author = {Mai, Long and Jin, Hailin and Liu, Feng},
	Booktitle = {Proceedings of the IEEE Conference on Computer Vision and Pattern Recognition},
	Pages = {497--506},
	Title = {Composition-Preserving Deep Photo Aesthetics Assessment},
	Year = {2016}}

@article{wang2016brain,
	Author = {Wang, Zhangyang and Dolcos, Florin and Beck, Diane and Chang, Shiyu and Huang, Thomas S},
	Journal = {arXiv preprint arXiv:1601.04155},
	Title = {Brain-Inspired Deep Networks for Image Aesthetics Assessment},
	Year = {2016}}

@inproceedings{kong2016photo,
  title={Photo aesthetics ranking network with attributes and content adaptation},
  author={Kong, Shu and Shen, Xiaohui and Lin, Zhe and Mech, Radomir and Fowlkes, Charless},
  booktitle={European Conference on Computer Vision},
  pages={662--679},
  year={2016},
  organization={Springer}
}

@article{martindale1990aesthetic,
	Author = {Martindale, Colin and Moore, Kathleen and Borkum, Jonathan},
	Journal = {The American Journal of Psychology},
	Pages = {53--80},
	Publisher = {JSTOR},
	Title = {Aesthetic preference: Anomalous findings for Berlyne's psychobiological theory},
	Year = {1990}}

@inproceedings{dhar2011high,
	Author = {Dhar, Sagnik and Ordonez, Vicente and Berg, Tamara L},
	Booktitle = {Computer Vision and Pattern Recognition (CVPR), 2011 IEEE Conference on},
	Organization = {IEEE},
	Pages = {1657--1664},
	Title = {High level describable attributes for predicting aesthetics and interestingness},
	Year = {2011}}

@article{rothe2015some,
	Author = {Rothe, Rasmus and Timofte, Radu and Van Gool, Luc},
	Journal = {arXiv preprint arXiv:1510.07867},
	Title = {Some like it hot-visual guidance for preference prediction},
	Year = {2015}}

@inproceedings{o2014collaborative,
	Author = {O'Donovan, Peter and Agarwala, Aseem and Hertzmann, Aaron},
	Booktitle = {Proceedings of the Workshop on Computational Aesthetics},
	Organization = {ACM},
	Pages = {33--40},
	Title = {Collaborative filtering of color aesthetics},
	Year = {2014}}

@article{shi2014collaborative,
	Author = {Shi, Yue and Larson, Martha and Hanjalic, Alan},
	Journal = {ACM Computing Surveys (CSUR)},
	Number = {1},
	Pages = {3},
	Publisher = {ACM},
	Title = {Collaborative filtering beyond the user-item matrix: A survey of the state of the art and future challenges},
	Volume = {47},
	Year = {2014}}

@article{su2009survey,
	Author = {Su, Xiaoyuan and Khoshgoftaar, Taghi M},
	Journal = {Advances in artificial intelligence},
	Pages = {4},
	Publisher = {Hindawi Publishing Corp.},
	Title = {A survey of collaborative filtering techniques},
	Volume = {2009},
	Year = {2009}}

@article{koren2009matrix,
	Author = {Koren, Yehuda and Bell, Robert and Volinsky, Chris and others},
	Journal = {Computer},
	Number = {8},
	Pages = {30--37},
	Publisher = {Institute of Electrical and Electronics Engineers, Inc., 3 Park Avenue, 17 th Fl New York NY 10016-5997 United States},
	Title = {Matrix factorization techniques for recommender systems},
	Volume = {42},
	Year = {2009}}

@inproceedings{lee2001algorithms,
	Author = {Lee, Daniel D and Seung, H Sebastian},
	Booktitle = {Advances in neural information processing systems},
	Pages = {556--562},
	Title = {Algorithms for non-negative matrix factorization},
	Year = {2001}}

@article{ioffe2015batch,
	Author = {Ioffe, Sergey and Szegedy, Christian},
	Journal = {arXiv preprint arXiv:1502.03167},
	Title = {Batch normalization: Accelerating deep network training by reducing internal covariate shift},
	Year = {2015}}

@article{demir2014multiple,
	Author = {Demir, Beg{\"u}m and Bruzzone, Lorenzo},
	Journal = {Pattern recognition},
	Number = {7},
	Pages = {2558--2567},
	Publisher = {Elsevier},
	Title = {A multiple criteria active learning method for support vector regression},
	Volume = {47},
	Year = {2014}}

@inproceedings{burbidge2007active,
	Author = {Burbidge, Robert and Rowland, Jem J and King, Ross D},
	Booktitle = {International Conference on Intelligent Data Engineering and Automated Learning},
	Organization = {Springer},
	Pages = {209--218},
	Title = {Active learning for regression based on query by committee},
	Year = {2007}}

@inproceedings{yu2010passive,
	Author = {Yu, Hwanjo and Kim, Sungchul},
	Booktitle = {2010 IEEE International Conference on Data Mining},
	Organization = {IEEE},
	Pages = {1151--1156},
	Title = {Passive Sampling for Regression},
	Year = {2010}}

@inproceedings{schohn2000less,
	Author = {Schohn, Greg and Cohn, David},
	Booktitle = {ICML},
	Organization = {Citeseer},
	Pages = {839--846},
	Title = {Less is more: Active learning with support vector machines},
	Year = {2000}}

@article{settles2010active,
	Author = {Settles, Burr},
	Journal = {University of Wisconsin, Madison},
	Number = {55-66},
	Pages = {11},
	Title = {Active learning literature survey},
	Volume = {52},
	Year = {2010}}

@inproceedings{willett2005faster,
	Author = {Willett, Rebecca and Nowak, Robert and Castro, Rui M},
	Booktitle = {Advances in Neural Information Processing Systems},
	Pages = {179--186},
	Title = {Faster rates in regression via active learning},
	Year = {2005}}

@article{chang2002training,
	Author = {Chang, Chih-Chung and Lin, Chih-Jen},
	Journal = {Neural Computation},
	Number = {8},
	Pages = {1959--1978},
	Publisher = {Cambridge, Mass.: MIT Press, c1989-},
	Title = {Training nu-support vector regression: theory and algorithms},
	Volume = {14},
	Year = {2002}}

@inproceedings{dixit2015scene,
	Author = {Dixit, Mandar and Chen, Si and Gao, Dashan and Rasiwasia, Nikhil and Vasconcelos, Nuno},
	Booktitle = {Proceedings of the IEEE Conference on Computer Vision and Pattern Recognition},
	Pages = {2974--2983},
	Title = {Scene classification with semantic fisher vectors},
	Year = {2015}}

@inproceedings{girshick2014rich,
	Author = {Girshick, Ross and Donahue, Jeff and Darrell, Trevor and Malik, Jitendra},
	Booktitle = {Proceedings of the IEEE conference on computer vision and pattern recognition},
	Pages = {580--587},
	Title = {Rich feature hierarchies for accurate object detection and semantic segmentation},
	Year = {2014}}

@inproceedings{szegedy2015going,
	Author = {Szegedy, Christian and Liu, Wei and Jia, Yangqing and Sermanet, Pierre and Reed, Scott and Anguelov, Dragomir and Erhan, Dumitru and Vanhoucke, Vincent and Rabinovich, Andrew},
	Booktitle = {Proceedings of the IEEE Conference on Computer Vision and Pattern Recognition},
	Pages = {1--9},
	Title = {Going deeper with convolutions},
	Year = {2015}}

@inproceedings{zhou2014learning,
	Author = {Zhou, Bolei and Lapedriza, Agata and Xiao, Jianxiong and Torralba, Antonio and Oliva, Aude},
	Booktitle = {Advances in neural information processing systems},
	Pages = {487--495},
	Title = {Learning deep features for scene recognition using places database},
	Year = {2014}}

@book{myers2010research,
	Author = {Myers, Jerome L and Well, Arnold and Lorch, Robert Frederick},
	Publisher = {Routledge},
	Title = {Research design and statistical analysis},
	Year = {2010}}

@inproceedings{mamitsuka1998query,
	Author = {Mamitsuka, Naoki Abe Hiroshi},
	Booktitle = {Machine Learning: Proceedings of the Fifteenth International Conference (ICML'98)},
	Organization = {Morgan Kaufmann Pub},
	Title = {Query learning strategies using boosting and bagging},
	Volume = {1},
	Year = {1998}}

@article{thomee2015new,
	Author = {Thomee, Bart and Shamma, David A and Friedland, Gerald and Elizalde, Benjamin and Ni, Karl and Poland, Douglas and Borth, Damian and Li, Li-Jia},
	Journal = {arXiv preprint arXiv:1503.01817},
	Title = {The new data and new challenges in multimedia research},
	Year = {2015}}

@inproceedings{ke2006design,
	Author = {Ke, Yan and Tang, Xiaoou and Jing, Feng},
	Booktitle = {2006 IEEE Computer Society Conference on Computer Vision and Pattern Recognition (CVPR'06)},
	Organization = {IEEE},
	Pages = {419--426},
	Title = {The design of high-level features for photo quality assessment},
	Volume = {1},
	Year = {2006}}

@inproceedings{luo2008photo,
	Author = {Luo, Yiwen and Tang, Xiaoou},
	Booktitle = {European Conference on Computer Vision},
	Organization = {Springer},
	Pages = {386--399},
	Title = {Photo and video quality evaluation: Focusing on the subject},
	Year = {2008}}
